%% start of file `publications.bib'.

@misc{cavendish,
  title =  {\url{http://www.tcm.phy.cam.ac.uk/~gl319/}}
}

@misc{thesis, 
  title = {\url{https://www.repository.cam.ac.uk/handle/1810/246261?}}
}

@misc{springer, 
  title = {\url{http://www.springer.com/gp/book/9783319193502}}
}

@misc{compenz,
  title = {[4] \url{https://goo.gl/KrI2qW}}
}

@misc{protmod,
  title = {[5] \url{https://goo.gl/IpWH5G}}
}

@misc{silmat,
  title = {[6] \url{https://goo.gl/KYO9BT}}
}

@misc{pred,
  title = {[7] \url{https://goo.gl/qmDhTV} \url{https://goo.gl/w8Pglt}}
}

@misc{mit,
  title = {~ {https://web.archive.org/web/20150910172721/http://engineeringphds.mit.edu/profile/greg-lever}}
}

@misc{asi,
  title = {[9] \url{http://www.asidatascience.com/fellowship/alumni/}}
}

@misc{BDW,
  title = {~ {http://london.bigdataweek.com/speaker/greg-lever/}}
}

@article{conan,
  title={{\textsf{CONAN}: Complementary Pattern Augmentation  for Rare Disease Detection}},
  author={{~ L. Cui, S. Biswal, G. Lever et. al.}},
  journal={Accepted for presentation at the Thirty-Fourth AAAI Conference on Artificial Intelligence (AAAI-20)},
  volume={},
  number={},
  pages={},
  year={},
  publisher={}
}

% [1] ST Balan, G Lever, O Lahav, Pathways Towards Habitable Planets, 2010 430, 122 “Uniformly Derived Orbital Parameters of Exo-planets using EXOFIT” 
@article{habitable,
  title={{Uniformly Derived Orbital Parameters of Exo-planets using \textsf{EXOFIT}}},
  author={{~ S. T. Balan, G Lever and O. Lahav}},
  journal={{Pathways Towards Habitable Planets}},
  volume={430},
  number={122},
  pages={},
  year={2010},
  publisher={}
}

% [2] MDJ Hollis, ST Balan, G Lever, O Lahav Monthly Notices of the Royal Astronomical Society 2012, 423 (3), 2800-2814, “A uniformly derived catalogue of exoplanets from radial velocities”
@article{exofit_mnras,
  title={{A uniformly derived catalogue of exoplanets from radial velocities}},
  author={{~ M. D. J. Hollis, S. T. Balan, G Lever and O. Lahav}},
  journal={{Monthly Notices of the Royal Astronomical Society}},
  volume={423},
  number={3},
  pages={2800-2814},
  year={2012},
  publisher={}
}

% [3] New electronic effects observed on n-type Si (111) 2x1 using cross-sectional STM
% NJ Curson, P Studer, SR Schofield, G Lever et. al. APS Meeting Abstracts
@article{stm_aps,
  title={{New electronic effects observed on n-type Si (111) 2x1 using cross-sectional STM}},
  author={{~ N. J. Curson, P. Studer, S. R. Schofield, G. Lever et. al.}},
  journal={{APS Meeting Abstracts}},
  volume={},
  number={},
  pages={},
  year={},
  publisher={}
}

% [4] P Studer, SR Schofield, G Lever et. al. Physical Review B 84 (4), 041306 Model system for controlling strain in silicon at the atomic scale
@article{prb_silicon,
  title={{Model system for controlling strain in silicon at the atomic scale}},
  author={{~ P. Studer, S. R. Schofield, G. Lever et. al.}},
  journal={{Physical Review B}},
  volume={},
  number={},
  pages={},
  year={},
  publisher={}
}

% [5] G Lever et. al., Journal of Physics: Condensed Matter 25 (15), 152101 “Electrostatic considerations affecting the calculated HOMO–LUMO gap in protein molecules”
@article{jpcm,
  title={{Electrostatic considerations affecting the calculated HOMO–LUMO gap in protein molecules}},
  author={{~ G. Lever et. al.}},
  journal={{Journal of Physics: Condensed Matter}},
  volume={25},
  number={15},
  pages={152101},
  year={2013},
  publisher={}
}

% [6] G Lever et. al. The journal of physical chemistry letters 5 (21), 3614-3619 “Large-scale density functional theory transition state searching in enzymes”
@article{jpcl,
  title={{Large-Scale Density Functional Theory Transition State Searching in Enzymes}},
  author={{~ G. Lever et. al.}},
  journal={{Journal of Physical Chemistry Letters}},
  volume={5},
  number={21},
  pages={3614-3619},
  year={2014},
  publisher={}
}

% Springer Thesis
@book{springer_thesis,
    author={{~ Greg Lever}},
    title={{Large-Scale Quantum-Mechanical Enzymology}},
    year={{2015}},
    publisher="Springer",
}

% BMJ article
@article{gel_bmj,
  title={{The 100,000 Genomes Project: bringing whole genome sequencing to the NHS}},
  author={{~ C. Turnbull et. al.}},
  journal={BMJ},
  volume={361},
  number={k1687},
  pages={},
  year={2018},
  publisher={}
}

%% end of file `publications.bib'.
