%% start of file `publications.bib'.
%% Copyright 2006-2012 Xavier Danaux (xdanaux at gmail.com).
%
% This work may be distributed and/or modified under the
% conditions of the LaTeX Project Public License version 1.3c,
% available at http://www.latex-project.org/lppl/.


@misc{cavendish,
  title =  {[1] \url{http://www.tcm.phy.cam.ac.uk/~gl319/}}
}

@misc{thesis, 
  title = {[2] \url{https://www.repository.cam.ac.uk/handle/1810/246261?}}
}

@misc{springer, 
  title = {[3] \url{http://www.springer.com/gp/book/9783319193502}}
}

@misc{compenz,
  title = {[4] \url{https://goo.gl/KrI2qW}}
}

@misc{protmod,
  title = {[5] \url{https://goo.gl/IpWH5G}}
}

@misc{silmat,
  title = {[6] \url{https://goo.gl/KYO9BT}}
}

@misc{pred,
  title = {[7] \url{https://goo.gl/qmDhTV} \url{https://goo.gl/w8Pglt}}
}

@misc{mit,
  title = {[8] \url{https://engineeringphds.mit.edu/profile/greg-lever?}}
}

@misc{asi,
  title = {[9] \url{http://www.asidatascience.com/fellowship/alumni/}}
}

@misc{BDW,
  title = {[10] \url{http://london.bigdataweek.com/speaker/greg-lever/} \url{https://www.youtube.com/watch?v=-8-WglavoIw?} \url{http://blog.bigdataweek.com/2015/11/04/become-effective-data-scientist-answers-bests/?}}
}



%% end of file `publications.bib'.
